@misc{www:wikipedia:bildfrequenz.2017,
  title = {Bildfrequenz},
  author = {{Wikimedia Foundation Inc.}},
  year = {2017},
  month = jun,
  howpublished = {\url{https://de.wikipedia.org/wiki/Bildfrequenz}},
  note = {Aufruf vom 11. Juni 2017}
}

@masterthesis{Masterthesis.2017,
  title = {Masterthesis},
  author = {Stephan Müller},
  year = {2017},
  month = aug,
  address = {Karlsruhe},
  school = {{Hochschule Karlsruhe -- Technik und Wirtschaft}},
  type = {Masterthesis}
}

@masterthesis{Bachelorthesis.2016,
  title = {Deskriptive Visualisierung und Analyse einer Schadgas-Gefährdungssituation und präskriptive Planung eines effizienten Einsatzes mobiler Sensorik},
  author = {Stephan Müller},
  year = {2016},
  month = jul,
  address = {Karlsruhe},
  school = {{Hochschule Karlsruhe -- Technik und Wirtschaft}},
  type = {Bachelorthesis}
}


@inproceedings{Rodenberg2013,
	author = {Eric J. Rodenberg},
	booktitle = {Ohio GIS Conference 2013},
	month = sep,
	title = {Exploiting Real-Time Data with ArcGIS GeoEvent Processor for Server},
	year = {2013}
}

@misc{Caserta2014,
	author = {Joe Caserta},
	howpublished = {Präsentation (slideshare)},
	keywords = {Big Data},
	month = jun,
	note = {\url{http://de.slideshare.net/CasertaConcepts/lowlatency-analytics-with-nosql-introduction-to-storm-and-cassandra}, Aufruf vom 2. Dezember 2014},
	title = {Low-Latency Analytics with NoSQL -- Introduction to Storm and Cassandra},
	year = {2014}
}

@article{Chang2006,
	author = {Yoon-Seop Chang AND Hyeong-Dong Park},
	journal = {International Journal of Geographical Information Science},
	keywords = {GIS},
	month = apr,
	Number = {4},
	pages = {371--399},
	title = {XML Web Service-based development model for Internet GIS applications},
	Volume = {20},
	year = {2006}
}

@incollection{Bolanos2013,
	address = {Berlin Heidelberg},
	author = {Matthew Bola{\~n}os AND John Forrest AND Michael Hahsler},
	booktitle = {Data Analysis, Machine Learning and Knowledge Discovery},
	editor = {Spiliopoulou, Myra AND Schmidt-Thieme, Lars AND Janning, Ruth AND Spiliopoulou, Myra AND Schmidt-Thieme, Lars AND Janning, Ruth},
	isbn = {978-3-31-901595-8},
	keywords = {Softwarearchitektur},
	pages = {135--144},
	publisher = {Springer Science \& Business Media},
	title = {Clustering Large Datasets Using Data Stream Clustering Techniques},
	year = {2013}
}

@book{Goll2014,
	address = {Berlin},
	author = {Goll, Joachim AND Dausmann, Manfred},
	edition = {2., aktualisierte Auflage},
	isbn = {978-3-65-805532-5},
	keywords = {Softwarearchitektur},
	publisher = {Springer Verlag},
	title = {Architektur- und Entwurfsmuster der Softwaretechnik -- Mit lauffähigen Beispielen in Java},
	year = {2014}
}
